}@article{hollensteinreview2024,
    author = {Hollenstein, Tom and Faulkner, Katie},
    title = {Adolescent digital emotion regulation},
    journal = {Journal of Research on Adolescence},
    volume={34}, 
    number={4},
    pages={1341-1351},
    year = {2024},
}
}@article{orben2020review,
    author = {Orben, A and Tomova, L and Blakemore, S},
    title = {The effects of social deprivation on adolescent development and mental health},
    journal = {The Lancet Child \& Adolescent Health},
    volume = {4},
    number = {8},
    pages = {634-640},
    year = {2020}
}
@article{Thorisdottir,
    author = {Thorisdottir, I. E and Sigurvinsdottir, R and Asgeirsdottir, B. B and Allegrante, J. P and Sigfusdottir, I. D},
    title = {Active and passive social media use and symptoms of anxiety and depressed mood among Icelandic adolescents},
    journal = {Cyberpsychology, Behavior and Social Networking},
    year = {2019},
    volume = {22},
    number = {8},
    pages = {535-542}
}
    
    